@inbook{Kernel2,
  address = {Cambridge, MA},
  year = {2002},
	title = {Learning with Kernels: Support Vector Machines, Regularization, Optimization, and Beyond},
  isbn = {978-0-262-19475-9},
  publisher = {The MIT Press},
  author = {Hofmann, Thomas and Sch{\"o}lkopf, Bernhard and Smola, Alexander J.},
	chapter = {2, Kernels},
}

@inbook{R9,
	address = {New York},
	edition = {Second Edition},
  year = {2021},
	title = {An {Introduction} to {Statistical} {Learning} with {Applications} in {R}},
	isbn = {978-1-07-161420-4},
	publisher = {Springer},
	author = {James, Gareth and Witten, Daniela and Hastie, Trevor and Tibshirani, Robert},
	chapter = {9, Support Vector Machines},
}

@inbook{Elements12,
  address = {New York},
  edition = {Second Edition},
  year = {2009},
  title = {The Elements of Statistical Learning: Data Mining, Inference, and Prediction},
  isbn = {978-0-387-84857-0},
  publisher = {Springer},
  author = {Hastie, Trevor and Tibshirani, Robert and Friedman, Jerome},
  chapter = {12, Support Vector Machines and Flexible Discriminants},
}


@inbook{Elements4,
  address = {New York},
  edition = {Second Edition},
  year = {2009},
  title = {The Elements of Statistical Learning: Data Mining, Inference, and Prediction},
  isbn = {978-0-387-84857-0},
  publisher = {Springer},
  author = {Hastie, Trevor and Tibshirani, Robert and Friedman, Jerome},
  chapter = {4, Linear Methods for Classification},
}

